% This file was created with Citavi 6.14.0.0

@article{Aeschlimann.2015,
 author = {Aeschlimann, Belinda and Herzog, Walter and Makarova, Elena},
 year = {2015},
 title = {{Studienpr{\"a}ferenzen von Gymnasiastinnen und Gymnasiasten: Wer entscheidet sich aus welchen Gr{\"u}nden f{\"u}r ein MINT-Studium?}},
 url = {https://www.pedocs.de/volltexte/2017/12646/pdf/SZBW_2015_2_Aeschlimann_Herzog_Makarova_Praeferenzen_von_Gymnasiastinnen.pdf},
 pages = {285--300},
 number = {37},
 journal = {{Schweizerische Zeitschrift f{\"u}r Bildungswissenschaften}}
}


@article{Weidner.2022,
 author = {Weidner, Ingrid},
 year = {2022},
 title = {{Gesch{\"u}tzter Raum oder falsche Schublade?}},
 pages = {45--47},
 number = {08},
 journal = {{DUZ}}
}


@incollection{Wehner.2016,
 author = {Wehner, Nina et al.},
 title = {{Geschlechterungleichheiten in Ausbildungs- und Berufsverl{\"a}ufen junger Erwachsener in der Schweiz. Ergebnisse aus einer Mixed-Methods-Studie.}},
 publisher = {{Beltz Juventa}},
 editor = {Faulstich-Wieland, H.},
 booktitle = {{Berufsorientierung und Geschlecht}},
 year = {2016},
 address = {Weinheim}
}


@inproceedings{Siegeris.15.16.09.2021,
 author = {Siegeris, Juliane},
 title = {{Mehr Diversit{\"a}t durch Mono-Edukation}},
 pages = {65--73},
 editor = {Desel, J{\"o}rg and Opel, Simone and Siegeris, Juliane},
 booktitle = {{HDI 2021 Hochschuldidaktik Informatik}},
 year = {15.-16.09.2021}
}


@misc{Schmiederer.2012,
 abstract = {Die Studie {\glqq}Studienkonflikte und Studienerfolgsfaktoren von Studierenden der TU Hamburg-Harburg{\grqq} ist von Lehrenden und Studierenden der TUHH initiiert worden. Sie ist aus Studiengeb{\"u}hren finanziert und unter Leitung von Prof. Winker konzipiert und durchgef{\"u}hrt worden. Ziele der Studie sind es, die zentralen Konflikt- und Bindungsfelder sowie die Lern- und Studienstrategien der Studierenden der TU Hamburg-Harburg zu erheben, um daraus Ver{\"a}nderungsvorschl{\"a}ge f{\"u}r die Lehr- und Lernumgebung abzuleiten. Damit ist die Studie Bestandteil einer breiten Palette von Studien, Ma{\ss}nahmen und Lehrinnovationen, die derzeit an der TU Hamburg-Harburg durchgef{\"u}hrt werden, um die Studienbedingungen zu verbessern und die Bindungskr{\"a}fte ingenieurwissenschaftlicher Studieng{\"a}nge zu erh{\"o}hen.

The study, {\textquotedbl}Study Conflicts and Academic Success Factors of Students at Hamburg University of Technology,{\textquotedbl} has been initiated by teachers and students at Hamburg University of Technology. It is financed by tuition fees and carried out under the direction of Professor Winker. The study analyses the central study conflicts and academic success factors and the learning and study strategies of students at Hamburg University of Technology. The study should help to improve the teaching and learning environment. It is part of a wide range of activities and teaching innovations which are currently being conducted at the Hamburg University of Technology, in order to increase attractiveness of engineering studies.},
 author = {Schmiederer, Simon and Derboven, Wibke and Winker, Gabriele},
 date = {2012},
 title = {{Studienkonflikte und Studienerfolgsfaktoren von Studierenden der TU Hamburg-Harburg}},
 publisher = {{TUHH Universit{\"a}tsbibliothek}},
 doi = {10.15480/882.1065  },
 file = {Schmiederer, Derboven et al. 2012 - Studienkonflikte und Studienerfolgsfaktoren von Studierenden:Attachments/Schmiederer, Derboven et al. 2012 - Studienkonflikte und Studienerfolgsfaktoren von Studierenden.pdf:application/pdf}
}


@misc{Rei.08.02.2019,
 author = {Rei{\ss}, Mirjam},
 date = {08.02.2019},
 title = {{Ergebnisse der Studienanf{\"a}ngerbefragung}},
 number = {Sommersemester 2018},
 editor = {{HTW Berlin}},
 institution = {{Fachbereich 1 Energie und Information}}
}


@misc{nationalesMINTForum.24.05.2022,
 author = {{nationales MINT Forum}},
 date = {24.05.2022},
 title = {{MINT-Fr{\"u}hjahrsreport 2022}},
 url = {https://www.nationalesmintforum.de/themen/aktuelles/mint-fruehjahrsreport-2022/},
 address = {Berlin}
}


@misc{MINTvernetzt.17.01.2023,
 editor = {MINTvernetzt},
 year = {17.01.2023},
 title = {{MINT-DataLab}},
 url = {https://mint-vernetzt.shinyapps.io/datalab/},
 urldate = {17.01.2023}
}


@misc{Middendorf.2013,
 author = {Middendorf, Elke u.a.},
 date = {2013},
 title = {{Die wirtschaftliche und soziale Lage der Studierenden in Deutschland 2012}},
 url = {https://www.studentenwerke.de/sites/default/files/01_20-SE-Hauptbericht.pdf},
 number = {20},
 series = {{Sozialerhebung des Deutschen Studentenwerks}},
 editor = {{HIS-Institut f{\"u}r Hochschulforschung}}
}


@book{Loge.2021,
 abstract = {Intro -- Danksagung -- Zusammenfassung -- Abstract -- Inhaltsverzeichnis -- Abbildungsverzeichnis -- Tabellenverzeichnis -- 1 Einleitung: das Universum von M{\"o}glichkeiten -- 2 Studien(fach)wahlen: eine Frage der Motivlage? -- 2.1 Das Sozialprofil der Studierenden -- 2.2 Der Eintritt in die Hochschule: vorgelagerte Selektionsprozesse - ungleiche Chancen -- 2.3 Die Wahl eines Studienfachs: von {\glq}extrinsischen' und {\glq}intrinsischen' Motiven -- 2.3.1 Motivlagen nach Hochschulart, Studiengang und Geschlecht -- 2.3.2 Die Wahl eines Ingenieurstudiums: vergeschlechtlichte Zweifel -- 3 Studien(fach)wahlen und ihre Ursachen: an der Schnittstelle von Geschlechterforschung und Bildungsforschung -- 3.1 Studien(fach)wahlen aus Perspektiven der Geschlechterforschung -- 3.1.1 Strukturalistische Erkenntnisse: die doppelte Vergesellschaftung -- 3.1.2 Sozialkonstruktivistische Erkenntnisse: doing gender und Berufswahl -- 3.1.3 Sozialpsychologische Erkenntnisse: zur geschlechtlichen Codierung von Technik und Naturwissenschaft -- 3.1.4 Biografietheoretische Erkenntnisse: Geschlecht als narrative biografische Konstruktion -- 3.1.5 Poststrukturalistische Erkenntnisse: der Diskurs um Technik und Geschlecht -- 3.1.6 Professionssoziologische Erkenntnisse: zur Gleichzeitigkeit der Professionalisierung und Vergeschlechtlichung von Berufen -- 3.2 Zwischenfazit: Erkenntnisse und Leerstellen geschlechtertheoretischer Perspektiven auf Studien(fach)wahlen -- 3.3 Studien(fach)wahlen aus Perspektiven der sozialwissenschaftlichen Bildungsforschung -- 3.3.1 Studien(fach)wahlen aus Rational-Choice-Perspektive: rationale Abw{\"a}gungen -- 3.3.2 Studien(fach)wahlen aus Habitusperspektive: antizipierte Passungen -- 3.4 Zwischenfazit: Studien(fach)wahlen - strukturiert durch Klasse und Geschlecht -- 4 Studien(fach)wahlen im Kontext von Klasse und Geschlecht: eine Verkn{\"u}pfung.},
 author = {Loge, Lena},
 year = {2021},
 title = {{Von Bauingenieurinnen und Sozialarbeitern: Studien(fach)wahlen im Kontext von sozialem Milieu und Geschlecht}},
 url = {https://ebookcentral.proquest.com/lib/kxp/detail.action?docID=6437859},
 address = {Wiesbaden},
 edition = {1st ed. 2021},
 publisher = {{Springer Fachmedien Wiesbaden} and {Springer VS}},
 isbn = {9783658324452 }
}


@article{Kuntzbrunner.23.03.2012,
 abstract = {Wenn angehende Ingenieurinnen unter sich sind und m{\"a}nnliche Kommilitonen vor dem H{\"o}rsaal bleiben m{\"u}ssen, f{\"o}rdert das Interesse und Leistung. Trotzdem setzt sich das Angebot an deutschen Hochschulen nicht in breitem Ma{\ss}e durch.},
 author = {Kuntz-brunner, Ruth},
 year = {23.03.2012},
 title = {{Frauenstudiengang f{\"u}r angehende Ingenieurinnen}},
 url = {https://www.ingenieur.de/karriere/bildung/studium/frauenstudiengang-fuer-angehende-ingenieurinnen/},
 urldate = {13.01.2023},
 journal = {{ingenieur.de - Jobb{\"o}rse und Nachrichtenportal f{\"u}r Ingenieure}}
}


@misc{Honeypot.2018,
 abstract = {{\textquotedbl} data-react-helmet=},
 editor = {Honeypot},
 year = {2018},
 title = {{Women in Tech Index}},
 url = {https://honeypotio.github.io/women-in-tech/eur#table-content},
 urldate = {11.01.2023}
}


@article{Hausotter.2022,
 author = {Hausotter, Jette},
 year = {2022},
 title = {{Platzhalter}},
 journal = {{Beispieljournal}}
}


@article{Hango.2013,
 author = {Hango, Darcy},
 year = {2013},
 title = {{Gender differences in science, technology, engineering, mathematics and computer science (STEM) programs at university}},
 url = {https://t1p.de/t4be},
 urldate = {23.10.2019},
 number = {Dezember},
 journal = {{Insights on Canadian Society}}
}


@book{Haffner.2019,
 author = {Haffner, Yvonne and Loge, Lena},
 year = {2019},
 title = {{Frauen in Technik und Naturwissenschaft: Eine Frage der Passung. Aktuelle Erkenntnisse und Einblicke in Orientierungsprojekte.}},
 publisher = {Budrich-Verlag}
}


@article{Gottfredson.1981,
 author = {Gottfredson, Linda Susanne},
 year = {1981},
 title = {{Circumscription and Compromise. A development of occupational aspirations.}},
 url = {https://www1.udel.edu/educ/gottfredson/reprints/1981CCtheory.pdf},
 pages = {545--579},
 volume = {28},
 number = {6},
 journal = {{Journal of Counseling Psychology}}
}


@article{Feder.2021,
 abstract = {Small actions can cumulatively lead to big advances.},
 author = {Feder, Toni},
 year = {2021},
 title = {{Universities ramp up efforts to improve faculty gender balance and work climate in STEM}},
 url = {https://physicstoday.scitation.org/doi/full/10.1063/PT.3.4790  },
 pages = {20--23},
 volume = {74},
 number = {7},
 issn = {0031-9228},
 journal = {{Physics Today}},
 doi = {10.1063/PT.3.4790},
 file = {Feder 2021 - Universities ramp up efforts:Attachments/Feder 2021 - Universities ramp up efforts.pdf:application/pdf}
}


@book{FaulstichWieland.2016,
 abstract = {Hannelore Faulstich-Wieland (Hrsg.) Berufsorientierung und Geschlecht Ver{\"o}ffentlichungen der Max-Traeger-Stiftung Herausgegeben von Marlis Tepe Band 50 Hannelore Faulstich-Wieland (Hrsg.) Berufsorientierung},
 year = {2016},
 title = {{Berufsorientierung und Geschlecht}},
 url = {https://docplayer.org/61917623-Hannelore-faulstich-wieland-hrsg-berufsorientierung-und-geschlecht.html},
 address = {Weinheim},
 urldate = {11.01.2023},
 volume = {50},
 publisher = {{Beltz Juventa}},
 editor = {Faulstich-Wieland, H.}
}


@book{Becker.2004,
 year = {2004},
 title = {{Handbuch Frauen- und Geschlechterforschung: Theorien, Methoden, Empirie}},
 url = {https://www.meta-katalog.eu/Record/3749belladonna},
 address = {Wiesbaden},
 volume = {35},
 publisher = {{VS Verlag f{\"u}r Sozialwissenschaften}},
 series = {{Geschlecht und Gesellschaft}},
 editor = {Becker, Ruth and Kortendiek, Beate}
}


@misc{BMBF.2022,
 author = {BMBF},
 date = {2022},
 title = {{Deutschland ist international Spitzenreiter in MINT, Presse- Hintergrundpapier des BMBF zur OECD-Vergleichsstudie 2022}},
 url = {https://www.bmbf.de/SharedDocs/Downloads/de/2022/221004-oecd-vergleichsstudie-2022-presse.pdf?__blob=publicationFile&v=2},
 editor = {EAG}
}


@misc{Chalmers.10.01.2023,
 abstract = {Through concrete changes of the academic culture, system and procedures together with strategic recruitments, we aim towards equal gender balance within the faculty. We invest SEK 300 million over ten years on gender equality work to make Chalmers more successful. The initiative is funded by the Cha},
 author = {Chalmers},
 year = {10.01.2023},
 title = {{Genie: Gender Initiative for Excellence}},
 url = {https://www.chalmers.se/en/about-chalmers/Chalmers-for-a-sustainable-future/initiatives-for-gender-equality/gender-initiative-for-excellence/Pages/default.aspx},
 urldate = {11.01.2023}
}


@misc{Chalmers.10.01.2023b,
 abstract = {M{\"a}nskligheten st{\aa}r i dag inf{\"o}r ett antal stora utmaningar vars l{\"o}sningar kommer att kr{\"a}va genomgripande f{\"o}r{\"a}ndringar av b{\aa}de teknik och samh{\"a}lle. Det h{\"a}r programmet rustar dig att f{\"o}rst{\aa} och hantera de utmaningar som vi st{\"a}lls inf{\"o}r p{\aa} lokal och global niv{\aa}. Du kommer att l{\"a}ra dig att t{\"a}nka systemat},
 author = {Chalmers},
 year = {10.01.2023},
 title = {{Globala system}},
 url = {https://www.chalmers.se/sv/utbildning/program-pa-grundniva/Sidor/Globala-system.aspx#second-page},
 urldate = {11.01.2023}
}


@book{Clases.2014,
 year = {2014},
 title = {{Grenzg{\"a}nge der Arbeitsforschung. Eine Festschrift f{\"u}r Theo Wehner}},
 address = {Lengerich},
 publisher = {Pabst},
 editor = {Clases, C. and Dick, M. and Manser, T. and Vollmer, A.}
}


@misc{DAADNationaleAgenturfurEUHochschulzusammenarbeit.11.01.2023,
 abstract = {DAADeuroletter 67 Nationale Agentur f{\"u}r EU-Hochschulzusammenarbeit Starke Stimmen Muriel Helbig, Margarete Hofmann und Sabine Verheyen zum Thema {\flqq}Geschlechtergerechtigkeit{\frqq} Die Suche nach der Balance Geschlechtergerechtigkeit},
 author = {{DAAD - Nationale Agentur f{\"u}r EU-Hochschulzusammenarbeit}},
 year = {11.01.2023},
 title = {{euroletter 67. Geschlechtergerechtigkeit im Bildungssektor}},
 url = {https://docplayer.org/168576652-Daadeuroletter-67-geschlechtergerechtigkeit-im-bildungssektor.html},
 urldate = {11.01.2023}
}


@article{Weisenburger.07.03.2021,
 abstract = {Die Werbekampagnen f{\"u}r M{\"a}dchen in M{\"a}nnerberufen zeigen in Deutschland nur z{\"o}gerlich Wirkung: In Ingenieurf{\"a}chern studieren nur rund ein Viertel Frauen. Weltweit gibt es jedoch {\glqq}paradoxe{\grqq} Entwicklungen.},
 author = {Weisenburger, Elvira},
 year = {07.03.2021},
 title = {{Paradox: Mehr Gleichberechtigung hei{\ss}t auch weniger Ingenieurinnen}},
 url = {https://bnn.de/karlsruhe/karlsruhe-stadt/paradox-mehr-gleichberechtigung-heisst-auch-weniger-ingenieurinnen},
 urldate = {12.01.2023},
 journal = {{Badische Neueste Nachrichten}}
}


@misc{Degener.25.03.2021,
 abstract = {Ihre Anzahl ist {\"u}berschaubar -- doch es gibt sie auch in Deutschland: Studieng{\"a}nge, die sich ausschlie{\ss}lich oder in erster Linie an Frauen richten.},
 author = {Degener, Janna},
 year = {25.03.2021},
 title = {{Frauenstudieng{\"a}nge in Deutschland}},
 url = {https://www.studis-online.de/Studienfuehrer/frauenstudiengaenge.php#frauenstudiengaenge-mint},
 urldate = {13.01.2023}
}


@book{Derboven.2009,
 author = {Derboven, Wibke and Winker, Gabriele},
 year = {2009},
 title = {{Ingenieurwissenschaftliche Studiengange Attraktiver Gestalten}},
 publisher = {{Springer-Verlag Berlin and Heidelberg GmbH {\&} Co. K}},
 isbn = {978-3-642-00557-2  },
 doi = {10.1007/978-3-642-00558-9  },
 file = {Derboven, Winker 2009 - Ingenieurwissenschaftliche Studiengange Attraktiver Gestalten:Attachments/Derboven, Winker 2009 - Ingenieurwissenschaftliche Studiengange Attraktiver Gestalten.pdf:application/pdf}
}


@proceedings{Desel.15.16.09.2021,
 year = {15.-16.09.2021},
 title = {{HDI 2021 Hochschuldidaktik Informatik: (zusammen mit Delfi 2021)}},
 url = {https://delfi-tagung.de/fileadmin/TG/DELFI/HDI_2021/HDI_2021_cfp_flyer_2.pdf},
 volume = {9},
 editor = {Desel, J{\"o}rg and Opel, Simone and Siegeris, Juliane}
}


@unpublished{DeutschesInstitutfurMarketing.2022,
 author = {{Deutsches Institut f{\"u}r Marketing}},
 year = {2022},
 title = {{Entwicklung von Personas: Interaktiver Workshop}},
 url = {www.marketinginstitut.biz}
}


@article{Diezholz.06.03.2020,
 abstract = {Immer mehr Frauen studieren Ingenieurwissenschaften und arbeiten als Ingenieurinnen. Doch noch sind nicht alle M{\"a}nnerdom{\"a}nen erobert.},
 author = {Diez-holz, Lisa},
 year = {06.03.2020},
 title = {{Frauen erobern den Ingenieurberuf}},
 url = {https://www.ingenieur.de/karriere/arbeitsleben/frauen-erobern-den-ingenieurberuf/},
 urldate = {17.01.2023},
 journal = {ingenieur.de}
}


@article{Diezholz.10.05.2020,
 abstract = {Wie es das MIT schafft, ebenso viele M{\"a}dchen wie Jungen f{\"u}r ein Maschinenbaustudium zu begeistern. Und warum das einen starken Willen voraussetzt.},
 author = {Diez-holz, Lisa},
 year = {10.05.2020},
 title = {{Die wahren Gr{\"u}nde f{\"u}r den geringen Frauenanteil im Maschinenbau}},
 url = {https://www.ingenieur.de/karriere/bildung/hochschule/die-wahren-gruende-fuer-den-geringen-frauenanteil-im-maschinenbau/},
 urldate = {17.01.2023},
 journal = {ingenieur.de}
}


@incollection{Eckes.2004,
 author = {Eckes, Thomas},
 title = {{Geschlechterstereotype: von Rollen, Identit{\"a}ten und Vorurteilen}},
 url = {https://www.meta-katalog.eu/Record/3729belladonna},
 pages = {165--176},
 publisher = {{VS Verlag f{\"u}r Sozialwissenschaften}},
 series = {{Geschlecht und Gesellschaft}},
 editor = {Becker, Ruth and Kortendiek, Beate},
 booktitle = {{Handbuch Frauen- und Geschlechterforschung: Theorien, Methoden, Empirie}},
 year = {2004},
 address = {Wiesbaden}
}


@incollection{Derboven.2014,
 author = {Derboven, W.},
 title = {{Was bedeutet Verstehen in den Ingenieurwissenschaften?}},
 pages = {106--122},
 publisher = {Pabst},
 editor = {Clases, C. and Dick, M. and Manser, T. and Vollmer, A.},
 booktitle = {{Grenzg{\"a}nge der Arbeitsforschung.}},
 year = {2014},
 address = {Lengerich}
}


@book{Wensierski.2015,
 author = {von Wensierski, Hans-J{\"u}rgen},
 year = {2015},
 title = {{Technik und Naturwissenschaft im Jugendalter: Techniksozialisation und Fachorientierungen im Geschlechtervergleich ; eine empirische Sch{\"u}lerstudie}},
 url = {http://www.lehmanns.de/midvox/bib/9783847406297},
 price = {Broschur : ca. EUR 39.90 (DE), ca. EUR 41.10 (AT), ca. sfr 53.90 (freier Pr.)},
 address = {Opladen and Berlin and Toronto},
 edition = {[1. Aufl.]},
 volume = {Band 3},
 publisher = {{Verlag Barbara Budrich}},
 isbn = {3847406299  },
 series = {{Studien zur technischen Bildung}}
}


